<record><leader>00000cas a22000007a 4500</leader><controlfield tag="001">11738296</controlfield><controlfield tag="008">850226d18661877wiuwr ne      0    0eng d</controlfield><datafield ind1=" " ind2=" " tag="010"><subfield code="a">sn 85033190 </subfield></datafield><datafield ind1=" " ind2=" " tag="040"><subfield code="a">NPU</subfield><subfield code="b">eng</subfield><subfield code="c">NPU</subfield><subfield code="d">NPV</subfield><subfield code="d">NVF</subfield><subfield code="d">MGN</subfield><subfield code="d">OCLCQ</subfield><subfield code="d">OCLCF</subfield><subfield code="d">OCLCO</subfield></datafield><datafield ind1="1" ind2=" " tag="029"><subfield code="a">AU@</subfield><subfield code="b">000020368421</subfield></datafield><datafield ind1=" " ind2=" " tag="042"><subfield code="a">msc</subfield></datafield><datafield ind1=" " ind2=" " tag="043"><subfield code="a">n-us-wi</subfield></datafield><datafield ind1="0" ind2=" " tag="130"><subfield code="a">National democrat (Mineral Point, Wis.)</subfield></datafield><datafield ind1="1" ind2="0" tag="245"><subfield code="a">National democrat.</subfield></datafield><datafield ind1=" " ind2=" " tag="260"><subfield code="a">Mineral Point, Wis. :</subfield><subfield code="b">Herron &amp; Peck,</subfield><subfield code="c">1866-1877.</subfield></datafield><datafield ind1=" " ind2=" " tag="300"><subfield code="a">v. ;</subfield><subfield code="c">66 cm.</subfield></datafield><datafield ind1=" " ind2=" " tag="310"><subfield code="a">Weekly</subfield></datafield><datafield ind1="0" ind2=" " tag="362"><subfield code="a">Vol. 1, no. 1 (Sept. 1, 1866)-v. 12, no. 17 (Dec. 7, 1877).</subfield></datafield><datafield ind1=" " ind2=" " tag="500"><subfield code="a">Editors: W.H. Peck and Geo. Crawford, &lt;1874&gt;.</subfield></datafield><datafield ind1=" " ind2=" " tag="500"><subfield code="a">Publisher: Geo. Crawford, &lt;1874&gt;.</subfield></datafield><datafield ind1=" " ind2="0" tag="651"><subfield code="a">Mineral Point (Wis.)</subfield><subfield code="v">Newspapers.</subfield></datafield><datafield ind1=" " ind2="7" tag="655"><subfield code="a">Newspapers.</subfield><subfield code="2">fast</subfield><subfield code="0">(OCoLC)fst01423814</subfield></datafield><datafield ind1=" " ind2="7" tag="651"><subfield code="a">Wisconsin</subfield><subfield code="z">Mineral Point.</subfield><subfield code="2">fast</subfield><subfield code="0">(OCoLC)fst01228464</subfield></datafield><datafield ind1=" " ind2=" " tag="752"><subfield code="a">United States</subfield><subfield code="b">Wisconsin</subfield><subfield code="c">Iowa</subfield><subfield code="d">Mineral Point.</subfield></datafield><datafield ind1="0" ind2="0" tag="785"><subfield code="t">Iowa County democrat</subfield><subfield code="w">(DLC)sn 86086852</subfield></datafield></record>